<?xml version="1.0" encoding="UTF-8"?><record xmlns="http://www.loc.gov/MARC21/slim" xmlns:cinclude="http://apache.org/cocoon/include/1.0" xmlns:zs="http://www.loc.gov/zing/srw/">
  <leader>00418cz  a2200133n  4500</leader>
  <controlfield tag="001">n  84033817 </controlfield>
  <controlfield tag="003">DLC</controlfield>
  <controlfield tag="005">20081210080002.0</controlfield>
  <controlfield tag="008">840829n| acannaabn          |n ana      </controlfield>
  <datafield tag="010" ind1=" " ind2=" ">
    <subfield code="a">n  84033817 </subfield>
  </datafield>
  <datafield tag="035" ind1=" " ind2=" ">
    <subfield code="a">(OCoLC)oca01207029</subfield>
  </datafield>
  <datafield tag="040" ind1=" " ind2=" ">
    <subfield code="a">DLC</subfield>
    <subfield code="b">eng</subfield>
    <subfield code="c">DLC</subfield>
    <subfield code="d">OCoLC</subfield>
  </datafield>
  <datafield tag="110" ind1="2" ind2=" ">
    <subfield code="a">University of Kansas.</subfield>
    <subfield code="b">Division of Information</subfield>
  </datafield>
  <datafield tag="670" ind1=" " ind2=" ">
    <subfield code="a">Data from CINE for You and KU [MP] 1983</subfield>
    <subfield code="b">(University of Kansas, Division of Information)</subfield>
  </datafield>
</record>